<?xml version = "1.0" encoding = "UTF-8"?><OAI-PMH xmlns="http://www.openarchives.org/OAI/2.0/" xmlns:xsi="http://www.w3.org/2001/XMLSchema-instance" xsi:schemaLocation="http://www.openarchives.org/OAI/2.0/ http://www.openarchives.org/OAI/2.0/OAI-PMH.xsd"><ListRecords><record><header><identifier>aleph-publish:005843473</identifier></header><metadata><record xmlns="http://www.ddb.de/professionell/mabxml/mabxml-1.xsd"><leader>00500vM2.01200024------h</leader><controlfield tag="LDR">00500vM2.01200024------h</controlfield><controlfield tag="FMT">MH</controlfield><datafield tag="001" ind1="-" ind2="1"><subfield code="a">HT000893437</subfield></datafield><datafield tag="002" ind1="a" ind2="1"><subfield code="a">19990228</subfield></datafield><datafield tag="003" ind1="-" ind2="1"><subfield code="a">20200115164000.0</subfield></datafield><datafield tag="025" ind1="o" ind2="1"><subfield code="a">890101063</subfield></datafield><datafield tag="026" ind1="-" ind2="1"><subfield code="a">HBZHT000893437</subfield></datafield><controlfield tag="030">a|1uc||||||17</controlfield><datafield tag="036" ind1="a" ind2="1"><subfield code="a">DE</subfield></datafield><datafield tag="037" ind1="b" ind2="1"><subfield code="a">ger</subfield><subfield code="a">heb</subfield></datafield><controlfield tag="050">a|||||||||||||</controlfield><controlfield tag="051">s|||||||</controlfield><datafield tag="064" ind1="a" ind2="1"><subfield code="a">Biografie</subfield><subfield code="9">(DE-588)4006804-3</subfield></datafield><datafield tag="070" ind1="-" ind2="1"><subfield code="a">HBZ/Red</subfield></datafield><datafield tag="070" ind1="b" ind2="1"><subfield code="a">6</subfield></datafield><datafield tag="080" ind1="-" ind2="1"><subfield code="a">60</subfield></datafield><datafield tag="100" ind1="-" ind2="1"><subfield code="p">Shaliṭ, Avraham</subfield><subfield code="d">1898-1979</subfield><subfield code="9">(DE-588)143395580</subfield></datafield><datafield tag="101" ind1="-" ind2="1"><subfield code="p">Šallîṭ, Avrāhām</subfield><subfield code="d">1898-1979</subfield></datafield><datafield tag="101" ind1="-" ind2="1"><subfield code="p">Schalit, A.</subfield><subfield code="d">1898-1979</subfield></datafield><datafield tag="101" ind1="-" ind2="1"><subfield code="p">ŠLYṬ, ʾ.</subfield><subfield code="d">1898-1979</subfield></datafield><datafield tag="101" ind1="-" ind2="1"><subfield code="p">Schalit, Abraham</subfield><subfield code="d">1898-1979</subfield></datafield><datafield tag="101" ind1="-" ind2="1"><subfield code="p">Shalit, Abraham</subfield><subfield code="d">1898-1979</subfield></datafield><datafield tag="101" ind1="-" ind2="1"><subfield code="p">Shalit, Avraham</subfield><subfield code="d">1898-1979</subfield></datafield><datafield tag="101" ind1="-" ind2="1"><subfield code="p">Shalit, Abvraham</subfield><subfield code="d">1898-1979</subfield></datafield><datafield tag="101" ind1="-" ind2="1"><subfield code="p">Šalit, Avraham</subfield><subfield code="d">1898-1979</subfield></datafield><datafield tag="304" ind1="b" ind2="1"><subfield code="a">Hú̀rdú̀s ham-meleḵ &lt;dt.&gt;</subfield></datafield><datafield tag="331" ind1="-" ind2="1"><subfield code="a">König Herodes</subfield></datafield><datafield tag="335" ind1="-" ind2="1"><subfield code="a">der Mann und sein Werk</subfield></datafield><datafield tag="359" ind1="-" ind2="1"><subfield code="a">von Abraham Schalit</subfield></datafield><datafield tag="403" ind1="-" ind2="1"><subfield code="a">vom Verf. überarb. u. bedeutend erw. Fassung d. 1960 ersch. hebr. Originals</subfield></datafield><datafield tag="410" ind1="-" ind2="1"><subfield code="a">Berlin</subfield></datafield><datafield tag="412" ind1="-" ind2="1"><subfield code="a">de Gruyter</subfield></datafield><datafield tag="425" ind1="a" ind2="1"><subfield code="a">1969</subfield></datafield><datafield tag="433" ind1="-" ind2="1"><subfield code="a">XVI, 889 S. : Ill., Kt.</subfield></datafield><datafield tag="451" ind1="-" ind2="1"><subfield code="a">Studia Judaica ; 4</subfield></datafield><datafield tag="453" ind1="-" ind2="1"><subfield code="a">HT001247609</subfield></datafield><datafield tag="455" ind1="-" ind2="1"><subfield code="a">4</subfield></datafield><datafield tag="456" ind1="-" ind2="1"><subfield code="a">4</subfield></datafield><datafield tag="655" ind1="e" ind2="1"><subfield code="m">V:DE-605;X:Imageware</subfield><subfield code="q">application/pdf</subfield><subfield code="u">http://digitale-objekte.hbz-nrw.de/storage2/2021/05/31/file_1/9034428.pdf</subfield><subfield code="3">Inhaltsverzeichnis</subfield><subfield code="A">2</subfield></datafield><datafield tag="710" ind1="a" ind2="1"><subfield code="a">Herrschaftssystem</subfield></datafield><datafield tag="710" ind1="a" ind2="1"><subfield code="a">Neues Testament / Zeithintergrund</subfield></datafield><datafield tag="710" ind1="c" ind2="1"><subfield code="a">Herodes &lt;Judäa, König, I.&gt;</subfield></datafield><datafield tag="710" ind1="c" ind2="1"><subfield code="a">Makkabäer</subfield></datafield><datafield tag="902" ind1="-" ind2="1"><subfield code="p">Herodes Antipas</subfield><subfield code="c">Galiläa, Tetrarch</subfield><subfield code="d">v20-39</subfield><subfield code="9">(DE-588)118703781</subfield></datafield><controlfield tag="SYS">005843473</controlfield><datafield tag="LOW" ind1="-" ind2="1"><subfield code="a">K0001</subfield></datafield><datafield tag="LOW" ind1="-" ind2="1"><subfield code="a">B2001</subfield></datafield><datafield tag="LOW" ind1="-" ind2="1"><subfield code="a">B0001</subfield></datafield><datafield tag="LOW" ind1="-" ind2="1"><subfield code="a">Q0001</subfield></datafield><datafield tag="LOW" ind1="-" ind2="1"><subfield code="a">B4026</subfield></datafield><datafield tag="LOW" ind1="-" ind2="1"><subfield code="a">R0003</subfield></datafield><datafield tag="LOW" ind1="-" ind2="1"><subfield code="a">Q1146</subfield></datafield><datafield tag="LOW" ind1="-" ind2="1"><subfield code="a">B4009</subfield></datafield><datafield tag="LOW" ind1="-" ind2="1"><subfield code="a">Q1004</subfield></datafield><datafield tag="LOW" ind1="-" ind2="1"><subfield code="a">L0001</subfield></datafield><datafield tag="LOW" ind1="-" ind2="1"><subfield code="a">K1161</subfield></datafield><datafield tag="952" ind1="-" ind2="1"><subfield code="p">Herodes Antipatros</subfield><subfield code="d">v20-39</subfield></datafield><datafield tag="952" ind1="-" ind2="1"><subfield code="p">Herodes</subfield><subfield code="c">Antipas</subfield><subfield code="d">v20-39</subfield></datafield><datafield tag="088" ind1=" " ind2=" "><subfield code="a">5/74</subfield><subfield code="b">00055000</subfield><subfield code="c">Fc 7720</subfield><subfield code="e">keine ILL</subfield></datafield><datafield tag="088" ind1=" " ind2=" "><subfield code="a">5</subfield><subfield code="b">00000000</subfield><subfield code="c">69/4564</subfield><subfield code="e">ILL Ausleihe</subfield></datafield><datafield tag="088" ind1=" " ind2=" "><subfield code="a">38</subfield><subfield code="b">00000001</subfield><subfield code="c">1B4842</subfield><subfield code="e">ILL Ausleihe</subfield></datafield><datafield tag="088" ind1=" " ind2=" "><subfield code="a">294/38</subfield><subfield code="b">00038000</subfield><subfield code="c">NT 5b 22</subfield><subfield code="e">keine ILL</subfield></datafield><datafield tag="088" ind1=" " ind2=" "><subfield code="a">38/622</subfield><subfield code="b">00622001</subfield><subfield code="c">622/C24e/1</subfield><subfield code="e">keine ILL</subfield></datafield><datafield tag="088" ind1=" " ind2=" "><subfield code="a">294</subfield><subfield code="b">00000021</subfield><subfield code="c">RSB821</subfield><subfield code="e">ILL Ausleihe</subfield></datafield><datafield tag="088" ind1=" " ind2=" "><subfield code="a">294/11</subfield><subfield code="b">00011000</subfield><subfield code="c">Hm 40.11.2/10</subfield><subfield code="e">keine ILL</subfield></datafield><datafield tag="088" ind1=" " ind2=" "><subfield code="a">107</subfield><subfield code="b">00001000</subfield><subfield code="c">5.4207</subfield><subfield code="e">ILL Ausleihe</subfield></datafield><datafield tag="088" ind1=" " ind2=" "><subfield code="a">51</subfield><subfield code="b">00000000</subfield><subfield code="c">03-Gb 424</subfield><subfield code="e">ILL Ausleihe</subfield></datafield><datafield tag="088" ind1=" " ind2=" "><subfield code="a">294/21</subfield><subfield code="b">00021000</subfield><subfield code="c">JU V Bb 33</subfield><subfield code="e">keine ILL</subfield></datafield><datafield tag="088" ind1=" " ind2=" "><subfield code="a">5/108</subfield><subfield code="b">00010001</subfield><subfield code="c">BC 8740 S297</subfield><subfield code="e">keine ILL</subfield></datafield><datafield tag="088" ind1=" " ind2=" "><subfield code="a">467</subfield><subfield code="c">21INR1017</subfield><subfield code="e">keine Angabe</subfield></datafield><datafield tag="088" ind1=" " ind2=" "><subfield code="a">466</subfield><subfield code="c">INR1067</subfield><subfield code="e">keine Angabe</subfield></datafield><datafield tag="088" ind1=" " ind2=" "><subfield code="a">466</subfield><subfield code="e">keine Angabe</subfield></datafield><datafield tag="088" ind1=" " ind2=" "><subfield code="a">61/25</subfield><subfield code="b">25</subfield><subfield code="c">jstc880.s168</subfield><subfield code="e">Ausleihbestand</subfield></datafield><datafield tag="088" ind1=" " ind2=" "><subfield code="a">Walb 1</subfield><subfield code="b">OPDUE</subfield><subfield code="c">P-006-00710</subfield><subfield code="e">Präsenzbestand</subfield></datafield><datafield tag="088" ind1=" " ind2=" "><subfield code="a">468</subfield><subfield code="b">21</subfield><subfield code="c">INR1130</subfield><subfield code="e">ausleihbar</subfield></datafield><datafield tag="088" ind1=" " ind2=" "><subfield code="a">385</subfield><subfield code="b">80</subfield><subfield code="c">CN/y7015</subfield><subfield code="e">Kurzausleihe</subfield></datafield><datafield tag="088" ind1=" " ind2=" "><subfield code="a">6/119</subfield><subfield code="c">Oa 47 S 297</subfield><subfield code="e">keine Angabe</subfield></datafield><datafield tag="088" ind1=" " ind2=" "><subfield code="a">6/006</subfield><subfield code="c">NT Gab 969</subfield><subfield code="e">keine Angabe</subfield></datafield><datafield tag="088" ind1=" " ind2=" "><subfield code="a">6/011</subfield><subfield code="c">HS:C-25,4</subfield><subfield code="e">keine Angabe</subfield></datafield><datafield tag="088" ind1=" " ind2=" "><subfield code="a">6/248</subfield><subfield code="c">Hist 6,68/10</subfield><subfield code="e">keine Angabe</subfield></datafield><datafield tag="088" ind1=" " ind2=" "><subfield code="a">6</subfield><subfield code="c">3G 18788</subfield><subfield code="e">keine Angabe</subfield></datafield><datafield tag="088" ind1=" " ind2=" "><subfield code="a">61</subfield><subfield code="b">00</subfield><subfield code="c">jst/a0045</subfield><subfield code="e">Ausleihbestand</subfield></datafield><datafield tag="088" ind1=" " ind2=" "><subfield code="a">61</subfield><subfield code="b">00</subfield><subfield code="c">JUEDG432:4</subfield><subfield code="e">Ausleihbestand</subfield></datafield><datafield tag="088" ind1=" " ind2=" "><subfield code="a">Tr 2</subfield><subfield code="b">M</subfield><subfield code="c">V 1262:4</subfield><subfield code="e">ausleihbar</subfield></datafield><datafield tag="088" ind1=" " ind2=" "><subfield code="a">385</subfield><subfield code="b">31</subfield><subfield code="c">BEA/wa4132</subfield><subfield code="e">Normalausleihe</subfield></datafield><datafield tag="088" ind1=" " ind2=" "><subfield code="a">Kn 28</subfield><subfield code="b">MAG</subfield><subfield code="c">Eca 5307</subfield><subfield code="e">Normalausleihe</subfield></datafield><datafield tag="088" ind1=" " ind2=" "><subfield code="a">Kn 41</subfield><subfield code="b">M</subfield><subfield code="c">6=6/1974</subfield><subfield code="e">ausleihbar/M</subfield></datafield><datafield tag="088" ind1=" " ind2=" "><subfield code="a">465</subfield><subfield code="b">E11</subfield><subfield code="c">LBB1092</subfield><subfield code="e">Ausleihbestand</subfield></datafield><datafield tag="088" ind1=" " ind2=" "><subfield code="a">52</subfield></datafield><datafield tag="088" ind1=" " ind2=" "><subfield code="a">60</subfield></datafield><datafield tag="088" ind1=" " ind2=" "><subfield code="a">62</subfield></datafield><datafield tag="088" ind1=" " ind2=" "><subfield code="a">211</subfield></datafield><datafield tag="088" ind1=" " ind2=" "><subfield code="a">Bet 1</subfield></datafield><datafield tag="700" ind1=" " ind2="9"><subfield code="a">80=CN</subfield><subfield code="2">T0011</subfield></datafield><datafield tag="700" ind1=" " ind2="9"><subfield code="a">31=BEA</subfield><subfield code="2">T0011</subfield></datafield><datafield tag="700" ind1="h" ind2="9"><subfield code="a">2 His 022</subfield><subfield code="2">KP001</subfield></datafield><datafield tag="700" ind1="h" ind2="9"><subfield code="a">2 His 034</subfield><subfield code="2">KP001</subfield></datafield><datafield tag="700" ind1="h" ind2="9"><subfield code="a">2 Phi 068</subfield><subfield code="2">KP001</subfield></datafield><datafield tag="700" ind1="h" ind2="9"><subfield code="a">2 His 001t</subfield><subfield code="2">KP001</subfield></datafield></record></metadata></record></ListRecords></OAI-PMH>